
@book{zobel_writing,
	location = {London},
	edition = {3},
	title = {Writing for Computer Science},
	isbn = {978-1-4471-6638-2},
	url = {https://www.springer.com/gp/book/9781447166382},
	abstract = {All researchers need to write or speak about their work, and to have research that is worth presenting. Based on the author's decades of experience as a researcher and advisor, this third edition provides detailed guidance on writing and presentations and a comprehensive introduction to research methods, the how-to of being a successful scientist. Topics include:· Development of ideas into research questions;· How to find, read, evaluate and referee other research;· Design and evaluation of experiments and appropriate use of statistics;· Ethics, the principles of science and examples of science gone wrong.Much of the book is a step-by-step guide to effective communication, with advice on: · Writing style and editing;· Figures, graphs and tables;· Mathematics and algorithms;· Literature reviews and referees’ reports;· Structuring of arguments and results into papers and theses;· Writing of other professional documents;· Presentation of talks and posters.Written in an accessible style and including handy checklists and exercises, Writing for Computer Science is not only an introduction to the doing and describing of research, but is a valuable reference for working scientists in the computing and mathematical sciences.},
	publisher = {Springer-Verlag},
	author = {Zobel, Justin},
	urldate = {2020-08-17},
	date = {2014},
	langid = {english},
	doi = {10.1007/978-1-4471-6639-9},
	file = {Snapshot:/home/semueller/Zotero/storage/DVPKQ8JD/9781447166382.html:text/html}
}